@article{Higgs:1964pj,
      author         = "Higgs, Peter W.",
      title          = "{Broken Symmetries and the Masses of Gauge Bosons}",
      journal        = "Phys.Rev.Lett.",
      volume         = "13",
      pages          = "508-509",
      doi            = "10.1103/PhysRevLett.13.508",
      year           = "1964",
      SLACcitation   = "%%CITATION = PRLTA,13,508;%%",
}

@article{Aad:2012tfa,
      author         = "Aad, Georges and others",
      title          = "{Observation of a new particle in the search for the
                        Standard Model Higgs boson with the ATLAS detector at the
                        LHC}",
      collaboration  = "ATLAS Collaboration",
      journal        = "Phys.Lett.",
      volume         = "B716",
      pages          = "1-29",
      doi            = "10.1016/j.physletb.2012.08.020",
      year           = "2012",
      eprint         = "1207.7214",
      archivePrefix  = "arXiv",
      primaryClass   = "hep-ex",
      reportNumber   = "CERN-PH-EP-2012-218",
      SLACcitation   = "%%CITATION = ARXIV:1207.7214;%%",
}

@article{Chatrchyan:2012ufa,
      author         = "Chatrchyan, Serguei and others",
      title          = "{Observation of a new boson at a mass of 125 GeV with the
                        CMS experiment at the LHC}",
      collaboration  = "CMS Collaboration",
      journal        = "Phys.Lett.",
      volume         = "B716",
      pages          = "30-61",
      doi            = "10.1016/j.physletb.2012.08.021",
      year           = "2012",
      eprint         = "1207.7235",
      archivePrefix  = "arXiv",
      primaryClass   = "hep-ex",
      reportNumber   = "CMS-HIG-12-028, CERN-PH-EP-2012-220",
      SLACcitation   = "%%CITATION = ARXIV:1207.7235;%%",
}

@book{Gunion:322177,
      author       = "Gunion, John F and Dawson, Sally and Haber, Howard E and
                      Kane, Gordon L",
      title        = "The Higgs hunter's guide",
      publisher    = "Brookhaven Nat. Lab.",
      location     = "Upton, NY",
      year         = "1989",
}

@book{Griffiths:111880,
      author       = "Griffiths, David J",
      title        = "Introduction to elementary particles",
      edition      = "2",
      publisher    = "Wiley",
      location     = "New York, NY",
      year         = "2008",
}

@collection{cdrvol2,
      editor         = "Linssen, Lucie and Miyamoto, Akiya and Stanitzki, Marcel
                        and Weerts, Harry",
      title          = "{CLIC Conceptual Design Report: Physics and Detectors at CLIC}",
      location       = "CERN",
      year           = "2012",
      eprint         = "1202.5940",
      archivePrefix  = "arXiv",
      primaryClass   = "physics.ins-det",
      series         = "CERN-2012-003",
      SLACcitation   = "%%CITATION = ARXIV:1202.5940;%%",
}

@report{Redford:1690648,
      author        = "Redford, Sophie and Roloff, Phillip and Vogel, Marcello",
      title         = "{Physics potential of the top Yukawa coupling measurement
                       at a 1.4 TeV Compact Linear Collider using the CLIC SiD
                       detector}",
      institution   = "CERN",
      number        = "{\href{http://cds.cern.ch/record/1690648}{CLICdp-Note 2014-001}}",
      month         = "Mar",
      year          = "2014",
}

@inproceedings{Schulte:2001aw,
      author         = "Schulte, D. and Zimmermann, F.",
      title          = "{The Crossing angle in CLIC}",
      booktitle      = "19th IEEE Particle Accelerator Conference",
      location       = "Chicago, IL",
      pages          = "148-150",
      year           = "2001",
      reportNumber   = "CERN-SL-2001-043-AP, CERN-PS-2001-038-AE, CLIC-NOTE-484,
                        CERN-CLIC-NOTE-484, PAC-2001-TOAA005",
      SLACcitation   = "%%CITATION = CONFP,C0106181,148;%%",
}

@online{lcio,
      title          = "LCIO",
      url            = "http://lcio.desy.de"
}
